<record><leader>00000cas a22000007a 4500</leader><controlfield tag="001">34347411</controlfield><controlfield tag="008">960312d19251926nyudn ne      0    0eng d</controlfield><datafield ind1=" " ind2=" " tag="010"><subfield code="a">sn 96083517 </subfield></datafield><datafield ind1=" " ind2=" " tag="040"><subfield code="a">NYS</subfield><subfield code="b">eng</subfield><subfield code="c">NYS</subfield><subfield code="d">OCLCQ</subfield><subfield code="d">OCLCF</subfield><subfield code="d">OCLCO</subfield></datafield><datafield ind1="1" ind2=" " tag="029"><subfield code="a">AU@</subfield><subfield code="b">000025918783</subfield></datafield><datafield ind1=" " ind2=" " tag="042"><subfield code="a">msc</subfield></datafield><datafield ind1=" " ind2=" " tag="043"><subfield code="a">n-us-ny</subfield></datafield><datafield ind1="0" ind2="0" tag="245"><subfield code="a">Albany evening news and Albany evening journal.</subfield></datafield><datafield ind1=" " ind2=" " tag="260"><subfield code="a">Albany, N.Y. :</subfield><subfield code="b">Press Co.</subfield></datafield><datafield ind1=" " ind2=" " tag="300"><subfield code="a">v.</subfield></datafield><datafield ind1="0" ind2=" " tag="362"><subfield code="a">3rd year, no. 101 (Feb. 7, 1925)-5th year, no. 29 (Nov. 12, 1926).</subfield></datafield><datafield ind1=" " ind2="0" tag="651"><subfield code="a">Albany (N.Y.)</subfield><subfield code="v">Newspapers.</subfield></datafield><datafield ind1=" " ind2="7" tag="655"><subfield code="a">Newspapers.</subfield><subfield code="2">fast</subfield><subfield code="0">(OCoLC)fst01423814</subfield></datafield><datafield ind1=" " ind2="7" tag="651"><subfield code="a">New York (State)</subfield><subfield code="z">Albany.</subfield><subfield code="2">fast</subfield><subfield code="0">(OCoLC)fst01225716</subfield></datafield><datafield ind1=" " ind2=" " tag="752"><subfield code="a">United States</subfield><subfield code="b">New York</subfield><subfield code="c">Albany</subfield><subfield code="d">Albany.</subfield></datafield><datafield ind1="0" ind2="4" tag="780"><subfield code="t">Albany evening news (Albany, N.Y. : 1922)</subfield><subfield code="w">(DLC)sn 84031243</subfield><subfield code="w">(OCoLC)10740743</subfield></datafield><datafield ind1="0" ind2="4" tag="780"><subfield code="t">Albany evening journal</subfield><subfield code="w">(DLC)sn 83030911</subfield><subfield code="w">(OCoLC)9707761</subfield></datafield><datafield ind1="0" ind2="0" tag="785"><subfield code="t">Albany evening news (Albany, N.Y. : 1926)</subfield><subfield code="w">(DLC)sn 96083516</subfield></datafield></record>